%YAML 1.1
%TAG !u! tag:unity3d.com,2011:
--- !u!1 &3884101085615060366
GameObject:
  m_ObjectHideFlags: 0
  m_CorrespondingSourceObject: {fileID: 0}
  m_PrefabInstance: {fileID: 0}
  m_PrefabAsset: {fileID: 0}
  serializedVersion: 6
  m_Component:
  - component: {fileID: 9217809969949230645}
  - component: {fileID: 8217569062621644119}
  - component: {fileID: 961739105002314449}
  - component: {fileID: 9201431024845183320}
  - component: {fileID: 5730295073149806974}
  m_Layer: 0
  m_Name: Skeleton
  m_TagString: Untagged
  m_Icon: {fileID: 0}
  m_NavMeshLayer: 0
  m_StaticEditorFlags: 0
  m_IsActive: 1
--- !u!4 &9217809969949230645
Transform:
  m_ObjectHideFlags: 0
  m_CorrespondingSourceObject: {fileID: 0}
  m_PrefabInstance: {fileID: 0}
  m_PrefabAsset: {fileID: 0}
  m_GameObject: {fileID: 3884101085615060366}
  m_LocalRotation: {x: 0, y: 0, z: 0, w: 1}
  m_LocalPosition: {x: 0, y: 0, z: 0}
  m_LocalScale: {x: 1, y: 1, z: 1}
  m_Children:
  - {fileID: 1834437126709432472}
  - {fileID: 8966778996622524012}
  - {fileID: 5502316955103117908}
  m_Father: {fileID: 0}
  m_RootOrder: 0
  m_LocalEulerAnglesHint: {x: 0, y: 0, z: 0}
--- !u!114 &8217569062621644119
MonoBehaviour:
  m_ObjectHideFlags: 0
  m_CorrespondingSourceObject: {fileID: 0}
  m_PrefabInstance: {fileID: 0}
  m_PrefabAsset: {fileID: 0}
  m_GameObject: {fileID: 3884101085615060366}
  m_Enabled: 1
  m_EditorHideFlags: 0
  m_Script: {fileID: 11500000, guid: 5fea29bb7c508c244a1f805a5fd3fc4d, type: 3}
  m_Name: 
  m_EditorClassIdentifier: 
  outlineMode: 0
  outlineColor: {r: 1, g: 1, b: 1, a: 1}
  outlineWidth: 2
  precomputeOutline: 0
  bakeKeys: []
  bakeValues: []
--- !u!195 &961739105002314449
NavMeshAgent:
  m_ObjectHideFlags: 0
  m_CorrespondingSourceObject: {fileID: 0}
  m_PrefabInstance: {fileID: 0}
  m_PrefabAsset: {fileID: 0}
  m_GameObject: {fileID: 3884101085615060366}
  m_Enabled: 1
  m_AgentTypeID: 0
  m_Radius: 0.5
  m_Speed: 3.5
  m_Acceleration: 16
  avoidancePriority: 50
  m_AngularSpeed: 120
  m_StoppingDistance: 0
  m_AutoTraverseOffMeshLink: 1
  m_AutoBraking: 1
  m_AutoRepath: 1
  m_Height: 2
  m_BaseOffset: 0
  m_WalkableMask: 4294967295
  m_ObstacleAvoidanceType: 4
--- !u!114 &9201431024845183320
MonoBehaviour:
  m_ObjectHideFlags: 0
  m_CorrespondingSourceObject: {fileID: 0}
  m_PrefabInstance: {fileID: 0}
  m_PrefabAsset: {fileID: 0}
  m_GameObject: {fileID: 3884101085615060366}
  m_Enabled: 1
  m_EditorHideFlags: 0
  m_Script: {fileID: 11500000, guid: 00283ae33a8931a438b57ec3276082a9, type: 3}
  m_Name: 
  m_EditorClassIdentifier: 
  mMaxHealthPoints: 33
  mCurrentHealthPoints: 0
  mMovementSpeed: 2
  mDamage: 1
  mLevel: 1
  mAttackRange: 1
  mAttackCooldown: 1
  mNextAttackTimestamp: 0
  mNavMeshAgent: {fileID: 0}
  mHeroDetector: {fileID: 4309576011485854380}
  mReward: 15
  mCost: 5
--- !u!136 &5730295073149806974
CapsuleCollider:
  m_ObjectHideFlags: 0
  m_CorrespondingSourceObject: {fileID: 0}
  m_PrefabInstance: {fileID: 0}
  m_PrefabAsset: {fileID: 0}
  m_GameObject: {fileID: 3884101085615060366}
  m_Material: {fileID: 0}
  m_IsTrigger: 0
  m_Enabled: 1
  m_Radius: 0.5
  m_Height: 2
  m_Direction: 1
  m_Center: {x: 0, y: 1, z: 0}
--- !u!1 &6657726047829594303
GameObject:
  m_ObjectHideFlags: 0
  m_CorrespondingSourceObject: {fileID: 0}
  m_PrefabInstance: {fileID: 0}
  m_PrefabAsset: {fileID: 0}
  serializedVersion: 6
  m_Component:
  - component: {fileID: 5502316955103117908}
  - component: {fileID: 1543773110175102812}
  - component: {fileID: 4309576011485854380}
  m_Layer: 2
  m_Name: HeroDetector
  m_TagString: Untagged
  m_Icon: {fileID: 0}
  m_NavMeshLayer: 0
  m_StaticEditorFlags: 0
  m_IsActive: 1
--- !u!4 &5502316955103117908
Transform:
  m_ObjectHideFlags: 0
  m_CorrespondingSourceObject: {fileID: 0}
  m_PrefabInstance: {fileID: 0}
  m_PrefabAsset: {fileID: 0}
  m_GameObject: {fileID: 6657726047829594303}
  m_LocalRotation: {x: 0, y: 0, z: 0, w: 1}
  m_LocalPosition: {x: 0, y: 0, z: 0}
  m_LocalScale: {x: 1, y: 1, z: 1}
  m_Children: []
  m_Father: {fileID: 9217809969949230645}
  m_RootOrder: 2
  m_LocalEulerAnglesHint: {x: 0, y: 0, z: 0}
--- !u!135 &1543773110175102812
SphereCollider:
  m_ObjectHideFlags: 0
  m_CorrespondingSourceObject: {fileID: 0}
  m_PrefabInstance: {fileID: 0}
  m_PrefabAsset: {fileID: 0}
  m_GameObject: {fileID: 6657726047829594303}
  m_Material: {fileID: 0}
  m_IsTrigger: 0
  m_Enabled: 1
  serializedVersion: 2
  m_Radius: 0.5
  m_Center: {x: 0, y: 0, z: 0}
--- !u!114 &4309576011485854380
MonoBehaviour:
  m_ObjectHideFlags: 0
  m_CorrespondingSourceObject: {fileID: 0}
  m_PrefabInstance: {fileID: 0}
  m_PrefabAsset: {fileID: 0}
  m_GameObject: {fileID: 6657726047829594303}
  m_Enabled: 1
  m_EditorHideFlags: 0
  m_Script: {fileID: 11500000, guid: 43b05df449b084d1eb4bdf9ddf044104, type: 3}
  m_Name: 
  m_EditorClassIdentifier: 
  mDetectedHero: {fileID: 0}
  mDetectionArea: {fileID: 0}
--- !u!1001 &1247174784377874956
PrefabInstance:
  m_ObjectHideFlags: 0
  serializedVersion: 2
  m_Modification:
    m_TransformParent: {fileID: 9217809969949230645}
    m_Modifications:
    - target: {fileID: 4569123670525316911, guid: 52aa8aaf82cdc0fd7bbbe83ed212dd21, type: 3}
      propertyPath: m_Name
      value: MonsterHealthBarCanvas
      objectReference: {fileID: 0}
    - target: {fileID: 6368138785238520576, guid: 52aa8aaf82cdc0fd7bbbe83ed212dd21, type: 3}
      propertyPath: m_AnchorMax.x
      value: 0
      objectReference: {fileID: 0}
    - target: {fileID: 6368138785238520576, guid: 52aa8aaf82cdc0fd7bbbe83ed212dd21, type: 3}
      propertyPath: m_AnchorMax.y
      value: 0
      objectReference: {fileID: 0}
    - target: {fileID: 7871939370812740704, guid: 52aa8aaf82cdc0fd7bbbe83ed212dd21, type: 3}
      propertyPath: m_Pivot.x
      value: 0.5
      objectReference: {fileID: 0}
    - target: {fileID: 7871939370812740704, guid: 52aa8aaf82cdc0fd7bbbe83ed212dd21, type: 3}
      propertyPath: m_Pivot.y
      value: 0.5
      objectReference: {fileID: 0}
    - target: {fileID: 7871939370812740704, guid: 52aa8aaf82cdc0fd7bbbe83ed212dd21, type: 3}
      propertyPath: m_RootOrder
      value: 1
      objectReference: {fileID: 0}
    - target: {fileID: 7871939370812740704, guid: 52aa8aaf82cdc0fd7bbbe83ed212dd21, type: 3}
      propertyPath: m_AnchorMax.x
      value: 0
      objectReference: {fileID: 0}
    - target: {fileID: 7871939370812740704, guid: 52aa8aaf82cdc0fd7bbbe83ed212dd21, type: 3}
      propertyPath: m_AnchorMax.y
      value: 0
      objectReference: {fileID: 0}
    - target: {fileID: 7871939370812740704, guid: 52aa8aaf82cdc0fd7bbbe83ed212dd21, type: 3}
      propertyPath: m_AnchorMin.x
      value: 0
      objectReference: {fileID: 0}
    - target: {fileID: 7871939370812740704, guid: 52aa8aaf82cdc0fd7bbbe83ed212dd21, type: 3}
      propertyPath: m_AnchorMin.y
      value: 0
      objectReference: {fileID: 0}
    - target: {fileID: 7871939370812740704, guid: 52aa8aaf82cdc0fd7bbbe83ed212dd21, type: 3}
      propertyPath: m_SizeDelta.x
      value: 1.5
      objectReference: {fileID: 0}
    - target: {fileID: 7871939370812740704, guid: 52aa8aaf82cdc0fd7bbbe83ed212dd21, type: 3}
      propertyPath: m_SizeDelta.y
      value: 0.1
      objectReference: {fileID: 0}
    - target: {fileID: 7871939370812740704, guid: 52aa8aaf82cdc0fd7bbbe83ed212dd21, type: 3}
      propertyPath: m_LocalPosition.x
      value: 0
      objectReference: {fileID: 0}
    - target: {fileID: 7871939370812740704, guid: 52aa8aaf82cdc0fd7bbbe83ed212dd21, type: 3}
      propertyPath: m_LocalPosition.y
      value: 0
      objectReference: {fileID: 0}
    - target: {fileID: 7871939370812740704, guid: 52aa8aaf82cdc0fd7bbbe83ed212dd21, type: 3}
      propertyPath: m_LocalPosition.z
      value: 0
      objectReference: {fileID: 0}
    - target: {fileID: 7871939370812740704, guid: 52aa8aaf82cdc0fd7bbbe83ed212dd21, type: 3}
      propertyPath: m_LocalRotation.w
      value: 1
      objectReference: {fileID: 0}
    - target: {fileID: 7871939370812740704, guid: 52aa8aaf82cdc0fd7bbbe83ed212dd21, type: 3}
      propertyPath: m_LocalRotation.x
      value: -0
      objectReference: {fileID: 0}
    - target: {fileID: 7871939370812740704, guid: 52aa8aaf82cdc0fd7bbbe83ed212dd21, type: 3}
      propertyPath: m_LocalRotation.y
      value: -0
      objectReference: {fileID: 0}
    - target: {fileID: 7871939370812740704, guid: 52aa8aaf82cdc0fd7bbbe83ed212dd21, type: 3}
      propertyPath: m_LocalRotation.z
      value: -0
      objectReference: {fileID: 0}
    - target: {fileID: 7871939370812740704, guid: 52aa8aaf82cdc0fd7bbbe83ed212dd21, type: 3}
      propertyPath: m_AnchoredPosition.x
      value: 0
      objectReference: {fileID: 0}
    - target: {fileID: 7871939370812740704, guid: 52aa8aaf82cdc0fd7bbbe83ed212dd21, type: 3}
      propertyPath: m_AnchoredPosition.y
      value: 2.05
      objectReference: {fileID: 0}
    - target: {fileID: 7871939370812740704, guid: 52aa8aaf82cdc0fd7bbbe83ed212dd21, type: 3}
      propertyPath: m_LocalEulerAnglesHint.x
      value: 0
      objectReference: {fileID: 0}
    - target: {fileID: 7871939370812740704, guid: 52aa8aaf82cdc0fd7bbbe83ed212dd21, type: 3}
      propertyPath: m_LocalEulerAnglesHint.y
      value: 0
      objectReference: {fileID: 0}
    - target: {fileID: 7871939370812740704, guid: 52aa8aaf82cdc0fd7bbbe83ed212dd21, type: 3}
      propertyPath: m_LocalEulerAnglesHint.z
      value: 0
      objectReference: {fileID: 0}
    m_RemovedComponents: []
  m_SourcePrefab: {fileID: 100100000, guid: 52aa8aaf82cdc0fd7bbbe83ed212dd21, type: 3}
--- !u!224 &8966778996622524012 stripped
RectTransform:
  m_CorrespondingSourceObject: {fileID: 7871939370812740704, guid: 52aa8aaf82cdc0fd7bbbe83ed212dd21, type: 3}
  m_PrefabInstance: {fileID: 1247174784377874956}
  m_PrefabAsset: {fileID: 0}
--- !u!1001 &1829639492603291370
PrefabInstance:
  m_ObjectHideFlags: 0
  serializedVersion: 2
  m_Modification:
    m_TransformParent: {fileID: 9217809969949230645}
    m_Modifications:
    - target: {fileID: 1623817811568398, guid: 3e4cf0221a0e8db41bcb50be99ebe457, type: 3}
      propertyPath: m_Name
      value: Chr_Skeleton_03
      objectReference: {fileID: 0}
    - target: {fileID: 4808938581718642, guid: 3e4cf0221a0e8db41bcb50be99ebe457, type: 3}
      propertyPath: m_RootOrder
      value: 0
      objectReference: {fileID: 0}
    - target: {fileID: 4808938581718642, guid: 3e4cf0221a0e8db41bcb50be99ebe457, type: 3}
      propertyPath: m_LocalPosition.x
      value: 0
      objectReference: {fileID: 0}
    - target: {fileID: 4808938581718642, guid: 3e4cf0221a0e8db41bcb50be99ebe457, type: 3}
      propertyPath: m_LocalPosition.y
      value: 0
      objectReference: {fileID: 0}
    - target: {fileID: 4808938581718642, guid: 3e4cf0221a0e8db41bcb50be99ebe457, type: 3}
      propertyPath: m_LocalPosition.z
      value: 0
      objectReference: {fileID: 0}
    - target: {fileID: 4808938581718642, guid: 3e4cf0221a0e8db41bcb50be99ebe457, type: 3}
      propertyPath: m_LocalRotation.w
      value: 1
      objectReference: {fileID: 0}
    - target: {fileID: 4808938581718642, guid: 3e4cf0221a0e8db41bcb50be99ebe457, type: 3}
      propertyPath: m_LocalRotation.x
      value: 0
      objectReference: {fileID: 0}
    - target: {fileID: 4808938581718642, guid: 3e4cf0221a0e8db41bcb50be99ebe457, type: 3}
      propertyPath: m_LocalRotation.y
      value: 0
      objectReference: {fileID: 0}
    - target: {fileID: 4808938581718642, guid: 3e4cf0221a0e8db41bcb50be99ebe457, type: 3}
      propertyPath: m_LocalRotation.z
      value: 0
      objectReference: {fileID: 0}
    - target: {fileID: 4808938581718642, guid: 3e4cf0221a0e8db41bcb50be99ebe457, type: 3}
      propertyPath: m_LocalEulerAnglesHint.x
      value: 0
      objectReference: {fileID: 0}
    - target: {fileID: 4808938581718642, guid: 3e4cf0221a0e8db41bcb50be99ebe457, type: 3}
      propertyPath: m_LocalEulerAnglesHint.y
      value: 0
      objectReference: {fileID: 0}
    - target: {fileID: 4808938581718642, guid: 3e4cf0221a0e8db41bcb50be99ebe457, type: 3}
      propertyPath: m_LocalEulerAnglesHint.z
      value: 0
      objectReference: {fileID: 0}
    - target: {fileID: 95354957913302332, guid: 3e4cf0221a0e8db41bcb50be99ebe457, type: 3}
      propertyPath: m_Controller
      value: 
      objectReference: {fileID: 0}
    m_RemovedComponents: []
  m_SourcePrefab: {fileID: 100100000, guid: 3e4cf0221a0e8db41bcb50be99ebe457, type: 3}
--- !u!4 &1834437126709432472 stripped
Transform:
  m_CorrespondingSourceObject: {fileID: 4808938581718642, guid: 3e4cf0221a0e8db41bcb50be99ebe457, type: 3}
  m_PrefabInstance: {fileID: 1829639492603291370}
  m_PrefabAsset: {fileID: 0}
