%YAML 1.1
%TAG !u! tag:unity3d.com,2011:
--- !u!1 &1548127485264872879
GameObject:
  m_ObjectHideFlags: 0
  m_CorrespondingSourceObject: {fileID: 0}
  m_PrefabInstance: {fileID: 0}
  m_PrefabAsset: {fileID: 0}
  serializedVersion: 6
  m_Component:
  - component: {fileID: 8252932621203410770}
  - component: {fileID: 8289193589367357365}
  - component: {fileID: 6640517651363226857}
  m_Layer: 2
  m_Name: HeroDetector
  m_TagString: Untagged
  m_Icon: {fileID: 0}
  m_NavMeshLayer: 0
  m_StaticEditorFlags: 0
  m_IsActive: 1
--- !u!4 &8252932621203410770
Transform:
  m_ObjectHideFlags: 0
  m_CorrespondingSourceObject: {fileID: 0}
  m_PrefabInstance: {fileID: 0}
  m_PrefabAsset: {fileID: 0}
  m_GameObject: {fileID: 1548127485264872879}
  m_LocalRotation: {x: 0, y: 0, z: 0, w: 1}
  m_LocalPosition: {x: 0, y: 0, z: 0}
  m_LocalScale: {x: 1, y: 1, z: 1}
  m_Children: []
  m_Father: {fileID: 6809713072696132814}
  m_RootOrder: 2
  m_LocalEulerAnglesHint: {x: 0, y: 0, z: 0}
--- !u!135 &8289193589367357365
SphereCollider:
  m_ObjectHideFlags: 0
  m_CorrespondingSourceObject: {fileID: 0}
  m_PrefabInstance: {fileID: 0}
  m_PrefabAsset: {fileID: 0}
  m_GameObject: {fileID: 1548127485264872879}
  m_Material: {fileID: 0}
  m_IsTrigger: 0
  m_Enabled: 1
  serializedVersion: 2
  m_Radius: 0.5
  m_Center: {x: 0, y: 0, z: 0}
--- !u!114 &6640517651363226857
MonoBehaviour:
  m_ObjectHideFlags: 0
  m_CorrespondingSourceObject: {fileID: 0}
  m_PrefabInstance: {fileID: 0}
  m_PrefabAsset: {fileID: 0}
  m_GameObject: {fileID: 1548127485264872879}
  m_Enabled: 1
  m_EditorHideFlags: 0
  m_Script: {fileID: 11500000, guid: 43b05df449b084d1eb4bdf9ddf044104, type: 3}
  m_Name: 
  m_EditorClassIdentifier: 
  mDetectedHero: {fileID: 0}
  mDetectionArea: {fileID: 0}
--- !u!1 &6809713072696132810
GameObject:
  m_ObjectHideFlags: 0
  m_CorrespondingSourceObject: {fileID: 0}
  m_PrefabInstance: {fileID: 0}
  m_PrefabAsset: {fileID: 0}
  serializedVersion: 6
  m_Component:
  - component: {fileID: 6809713072696132814}
  - component: {fileID: 4016419646694347953}
  - component: {fileID: 262191311107412654}
  - component: {fileID: 6285192064277787883}
  - component: {fileID: 1656728683738431930}
  - component: {fileID: 1161030076306601907}
  m_Layer: 0
  m_Name: TestMonster
  m_TagString: Untagged
  m_Icon: {fileID: 0}
  m_NavMeshLayer: 0
  m_StaticEditorFlags: 0
  m_IsActive: 1
--- !u!4 &6809713072696132814
Transform:
  m_ObjectHideFlags: 0
  m_CorrespondingSourceObject: {fileID: 0}
  m_PrefabInstance: {fileID: 0}
  m_PrefabAsset: {fileID: 0}
  m_GameObject: {fileID: 6809713072696132810}
  m_LocalRotation: {x: 0, y: 0, z: 0, w: 1}
  m_LocalPosition: {x: 0, y: 0, z: 0}
  m_LocalScale: {x: 1, y: 1, z: 1}
  m_Children:
  - {fileID: 6814474283381743425}
  - {fileID: 8381792364493673020}
  - {fileID: 8252932621203410770}
  m_Father: {fileID: 0}
  m_RootOrder: 0
  m_LocalEulerAnglesHint: {x: 0, y: 0, z: 0}
--- !u!136 &4016419646694347953
CapsuleCollider:
  m_ObjectHideFlags: 0
  m_CorrespondingSourceObject: {fileID: 0}
  m_PrefabInstance: {fileID: 0}
  m_PrefabAsset: {fileID: 0}
  m_GameObject: {fileID: 6809713072696132810}
  m_Material: {fileID: 0}
  m_IsTrigger: 0
  m_Enabled: 1
  m_Radius: 0.6
  m_Height: 2.2
  m_Direction: 1
  m_Center: {x: 0, y: 1, z: 0}
--- !u!195 &262191311107412654
NavMeshAgent:
  m_ObjectHideFlags: 0
  m_CorrespondingSourceObject: {fileID: 0}
  m_PrefabInstance: {fileID: 0}
  m_PrefabAsset: {fileID: 0}
  m_GameObject: {fileID: 6809713072696132810}
  m_Enabled: 1
  m_AgentTypeID: 0
  m_Radius: 0.5
  m_Speed: 3.5
  m_Acceleration: 8
  avoidancePriority: 50
  m_AngularSpeed: 120
  m_StoppingDistance: 0
  m_AutoTraverseOffMeshLink: 1
  m_AutoBraking: 1
  m_AutoRepath: 1
  m_Height: 2
  m_BaseOffset: 0
  m_WalkableMask: 1
  m_ObstacleAvoidanceType: 4
--- !u!114 &6285192064277787883
MonoBehaviour:
  m_ObjectHideFlags: 0
  m_CorrespondingSourceObject: {fileID: 0}
  m_PrefabInstance: {fileID: 0}
  m_PrefabAsset: {fileID: 0}
  m_GameObject: {fileID: 6809713072696132810}
  m_Enabled: 1
  m_EditorHideFlags: 0
  m_Script: {fileID: 11500000, guid: 00283ae33a8931a438b57ec3276082a9, type: 3}
  m_Name: 
  m_EditorClassIdentifier: 
  mMaxHealthPoints: 100
  mCurrentHealthPoints: 0
  mMovementSpeed: 1
  mDamage: 1
  mLevel: 1
  mAttackRange: 1
  mAttackCooldown: 2
  mNextAttackTimestamp: 0
  mNavMeshAgent: {fileID: 0}
  mHeroDetector: {fileID: 6640517651363226857}
  mReward: 10
  mCost: 0
--- !u!114 &1656728683738431930
MonoBehaviour:
  m_ObjectHideFlags: 0
  m_CorrespondingSourceObject: {fileID: 0}
  m_PrefabInstance: {fileID: 0}
  m_PrefabAsset: {fileID: 0}
  m_GameObject: {fileID: 6809713072696132810}
  m_Enabled: 1
  m_EditorHideFlags: 0
  m_Script: {fileID: 11500000, guid: 5fea29bb7c508c244a1f805a5fd3fc4d, type: 3}
  m_Name: 
  m_EditorClassIdentifier: 
  outlineMode: 0
  outlineColor: {r: 1, g: 0.3137255, b: 0.3137255, a: 1}
  outlineWidth: 3
  precomputeOutline: 0
  bakeKeys: []
  bakeValues: []
--- !u!135 &1161030076306601907
SphereCollider:
  m_ObjectHideFlags: 0
  m_CorrespondingSourceObject: {fileID: 0}
  m_PrefabInstance: {fileID: 0}
  m_PrefabAsset: {fileID: 0}
  m_GameObject: {fileID: 6809713072696132810}
  m_Material: {fileID: 0}
  m_IsTrigger: 0
  m_Enabled: 1
  serializedVersion: 2
  m_Radius: 0.5
  m_Center: {x: 0, y: 0, z: 0}
--- !u!1001 &1832020128423642716
PrefabInstance:
  m_ObjectHideFlags: 0
  serializedVersion: 2
  m_Modification:
    m_TransformParent: {fileID: 6809713072696132814}
    m_Modifications:
    - target: {fileID: 2145210190888795222, guid: 52aa8aaf82cdc0fd7bbbe83ed212dd21, type: 3}
      propertyPath: m_Layer
      value: 0
      objectReference: {fileID: 0}
    - target: {fileID: 2313680677258179694, guid: 52aa8aaf82cdc0fd7bbbe83ed212dd21, type: 3}
      propertyPath: m_Layer
      value: 0
      objectReference: {fileID: 0}
    - target: {fileID: 2629023043237887459, guid: 52aa8aaf82cdc0fd7bbbe83ed212dd21, type: 3}
      propertyPath: _mObservedMonster
      value: 
      objectReference: {fileID: 0}
    - target: {fileID: 4569123670525316911, guid: 52aa8aaf82cdc0fd7bbbe83ed212dd21, type: 3}
      propertyPath: m_Name
      value: HealthBarCanvas
      objectReference: {fileID: 0}
    - target: {fileID: 4569123670525316911, guid: 52aa8aaf82cdc0fd7bbbe83ed212dd21, type: 3}
      propertyPath: m_Layer
      value: 0
      objectReference: {fileID: 0}
    - target: {fileID: 6368138785238520576, guid: 52aa8aaf82cdc0fd7bbbe83ed212dd21, type: 3}
      propertyPath: m_AnchorMax.x
      value: 0
      objectReference: {fileID: 0}
    - target: {fileID: 6368138785238520576, guid: 52aa8aaf82cdc0fd7bbbe83ed212dd21, type: 3}
      propertyPath: m_AnchorMax.y
      value: 0
      objectReference: {fileID: 0}
    - target: {fileID: 7580595285301978105, guid: 52aa8aaf82cdc0fd7bbbe83ed212dd21, type: 3}
      propertyPath: m_Layer
      value: 0
      objectReference: {fileID: 0}
    - target: {fileID: 7871939370812740704, guid: 52aa8aaf82cdc0fd7bbbe83ed212dd21, type: 3}
      propertyPath: m_Pivot.x
      value: 0.5
      objectReference: {fileID: 0}
    - target: {fileID: 7871939370812740704, guid: 52aa8aaf82cdc0fd7bbbe83ed212dd21, type: 3}
      propertyPath: m_Pivot.y
      value: 0.5
      objectReference: {fileID: 0}
    - target: {fileID: 7871939370812740704, guid: 52aa8aaf82cdc0fd7bbbe83ed212dd21, type: 3}
      propertyPath: m_RootOrder
      value: 1
      objectReference: {fileID: 0}
    - target: {fileID: 7871939370812740704, guid: 52aa8aaf82cdc0fd7bbbe83ed212dd21, type: 3}
      propertyPath: m_AnchorMax.x
      value: 0
      objectReference: {fileID: 0}
    - target: {fileID: 7871939370812740704, guid: 52aa8aaf82cdc0fd7bbbe83ed212dd21, type: 3}
      propertyPath: m_AnchorMax.y
      value: 0
      objectReference: {fileID: 0}
    - target: {fileID: 7871939370812740704, guid: 52aa8aaf82cdc0fd7bbbe83ed212dd21, type: 3}
      propertyPath: m_AnchorMin.x
      value: 0
      objectReference: {fileID: 0}
    - target: {fileID: 7871939370812740704, guid: 52aa8aaf82cdc0fd7bbbe83ed212dd21, type: 3}
      propertyPath: m_AnchorMin.y
      value: 0
      objectReference: {fileID: 0}
    - target: {fileID: 7871939370812740704, guid: 52aa8aaf82cdc0fd7bbbe83ed212dd21, type: 3}
      propertyPath: m_SizeDelta.x
      value: 1.5
      objectReference: {fileID: 0}
    - target: {fileID: 7871939370812740704, guid: 52aa8aaf82cdc0fd7bbbe83ed212dd21, type: 3}
      propertyPath: m_SizeDelta.y
      value: 0.1
      objectReference: {fileID: 0}
    - target: {fileID: 7871939370812740704, guid: 52aa8aaf82cdc0fd7bbbe83ed212dd21, type: 3}
      propertyPath: m_LocalPosition.x
      value: 0
      objectReference: {fileID: 0}
    - target: {fileID: 7871939370812740704, guid: 52aa8aaf82cdc0fd7bbbe83ed212dd21, type: 3}
      propertyPath: m_LocalPosition.y
      value: 0
      objectReference: {fileID: 0}
    - target: {fileID: 7871939370812740704, guid: 52aa8aaf82cdc0fd7bbbe83ed212dd21, type: 3}
      propertyPath: m_LocalPosition.z
      value: 0
      objectReference: {fileID: 0}
    - target: {fileID: 7871939370812740704, guid: 52aa8aaf82cdc0fd7bbbe83ed212dd21, type: 3}
      propertyPath: m_LocalRotation.w
      value: 1
      objectReference: {fileID: 0}
    - target: {fileID: 7871939370812740704, guid: 52aa8aaf82cdc0fd7bbbe83ed212dd21, type: 3}
      propertyPath: m_LocalRotation.x
      value: -0
      objectReference: {fileID: 0}
    - target: {fileID: 7871939370812740704, guid: 52aa8aaf82cdc0fd7bbbe83ed212dd21, type: 3}
      propertyPath: m_LocalRotation.y
      value: -0
      objectReference: {fileID: 0}
    - target: {fileID: 7871939370812740704, guid: 52aa8aaf82cdc0fd7bbbe83ed212dd21, type: 3}
      propertyPath: m_LocalRotation.z
      value: -0
      objectReference: {fileID: 0}
    - target: {fileID: 7871939370812740704, guid: 52aa8aaf82cdc0fd7bbbe83ed212dd21, type: 3}
      propertyPath: m_AnchoredPosition.x
      value: 0
      objectReference: {fileID: 0}
    - target: {fileID: 7871939370812740704, guid: 52aa8aaf82cdc0fd7bbbe83ed212dd21, type: 3}
      propertyPath: m_AnchoredPosition.y
      value: 2.2
      objectReference: {fileID: 0}
    - target: {fileID: 7871939370812740704, guid: 52aa8aaf82cdc0fd7bbbe83ed212dd21, type: 3}
      propertyPath: m_LocalEulerAnglesHint.x
      value: 0
      objectReference: {fileID: 0}
    - target: {fileID: 7871939370812740704, guid: 52aa8aaf82cdc0fd7bbbe83ed212dd21, type: 3}
      propertyPath: m_LocalEulerAnglesHint.y
      value: 0
      objectReference: {fileID: 0}
    - target: {fileID: 7871939370812740704, guid: 52aa8aaf82cdc0fd7bbbe83ed212dd21, type: 3}
      propertyPath: m_LocalEulerAnglesHint.z
      value: 0
      objectReference: {fileID: 0}
    - target: {fileID: 8425270333106108406, guid: 52aa8aaf82cdc0fd7bbbe83ed212dd21, type: 3}
      propertyPath: m_Layer
      value: 0
      objectReference: {fileID: 0}
    m_RemovedComponents: []
  m_SourcePrefab: {fileID: 100100000, guid: 52aa8aaf82cdc0fd7bbbe83ed212dd21, type: 3}
--- !u!224 &8381792364493673020 stripped
RectTransform:
  m_CorrespondingSourceObject: {fileID: 7871939370812740704, guid: 52aa8aaf82cdc0fd7bbbe83ed212dd21, type: 3}
  m_PrefabInstance: {fileID: 1832020128423642716}
  m_PrefabAsset: {fileID: 0}
--- !u!1001 &6809713072755190067
PrefabInstance:
  m_ObjectHideFlags: 0
  serializedVersion: 2
  m_Modification:
    m_TransformParent: {fileID: 6809713072696132814}
    m_Modifications:
    - target: {fileID: 1004861562130638, guid: 3e4cf0221a0e8db41bcb50be99ebe457, type: 3}
      propertyPath: m_Layer
      value: 0
      objectReference: {fileID: 0}
    - target: {fileID: 1028424621229514, guid: 3e4cf0221a0e8db41bcb50be99ebe457, type: 3}
      propertyPath: m_Layer
      value: 0
      objectReference: {fileID: 0}
    - target: {fileID: 1033537166635624, guid: 3e4cf0221a0e8db41bcb50be99ebe457, type: 3}
      propertyPath: m_Layer
      value: 0
      objectReference: {fileID: 0}
    - target: {fileID: 1052899010588682, guid: 3e4cf0221a0e8db41bcb50be99ebe457, type: 3}
      propertyPath: m_Layer
      value: 0
      objectReference: {fileID: 0}
    - target: {fileID: 1064040755102466, guid: 3e4cf0221a0e8db41bcb50be99ebe457, type: 3}
      propertyPath: m_Layer
      value: 0
      objectReference: {fileID: 0}
    - target: {fileID: 1068375042329856, guid: 3e4cf0221a0e8db41bcb50be99ebe457, type: 3}
      propertyPath: m_Layer
      value: 0
      objectReference: {fileID: 0}
    - target: {fileID: 1088122725420890, guid: 3e4cf0221a0e8db41bcb50be99ebe457, type: 3}
      propertyPath: m_Layer
      value: 0
      objectReference: {fileID: 0}
    - target: {fileID: 1103859109746152, guid: 3e4cf0221a0e8db41bcb50be99ebe457, type: 3}
      propertyPath: m_Layer
      value: 0
      objectReference: {fileID: 0}
    - target: {fileID: 1104902424168500, guid: 3e4cf0221a0e8db41bcb50be99ebe457, type: 3}
      propertyPath: m_Layer
      value: 0
      objectReference: {fileID: 0}
    - target: {fileID: 1138954295276950, guid: 3e4cf0221a0e8db41bcb50be99ebe457, type: 3}
      propertyPath: m_Layer
      value: 0
      objectReference: {fileID: 0}
    - target: {fileID: 1164624243214474, guid: 3e4cf0221a0e8db41bcb50be99ebe457, type: 3}
      propertyPath: m_Layer
      value: 0
      objectReference: {fileID: 0}
    - target: {fileID: 1174349584880182, guid: 3e4cf0221a0e8db41bcb50be99ebe457, type: 3}
      propertyPath: m_Layer
      value: 0
      objectReference: {fileID: 0}
    - target: {fileID: 1211631877342934, guid: 3e4cf0221a0e8db41bcb50be99ebe457, type: 3}
      propertyPath: m_Layer
      value: 0
      objectReference: {fileID: 0}
    - target: {fileID: 1229207680188282, guid: 3e4cf0221a0e8db41bcb50be99ebe457, type: 3}
      propertyPath: m_Layer
      value: 0
      objectReference: {fileID: 0}
    - target: {fileID: 1259928088048632, guid: 3e4cf0221a0e8db41bcb50be99ebe457, type: 3}
      propertyPath: m_Layer
      value: 0
      objectReference: {fileID: 0}
    - target: {fileID: 1260639059715000, guid: 3e4cf0221a0e8db41bcb50be99ebe457, type: 3}
      propertyPath: m_Layer
      value: 0
      objectReference: {fileID: 0}
    - target: {fileID: 1287329088884812, guid: 3e4cf0221a0e8db41bcb50be99ebe457, type: 3}
      propertyPath: m_Layer
      value: 0
      objectReference: {fileID: 0}
    - target: {fileID: 1296943565365268, guid: 3e4cf0221a0e8db41bcb50be99ebe457, type: 3}
      propertyPath: m_Layer
      value: 0
      objectReference: {fileID: 0}
    - target: {fileID: 1349019697727218, guid: 3e4cf0221a0e8db41bcb50be99ebe457, type: 3}
      propertyPath: m_Layer
      value: 0
      objectReference: {fileID: 0}
    - target: {fileID: 1353141561401236, guid: 3e4cf0221a0e8db41bcb50be99ebe457, type: 3}
      propertyPath: m_Layer
      value: 0
      objectReference: {fileID: 0}
    - target: {fileID: 1355463909367298, guid: 3e4cf0221a0e8db41bcb50be99ebe457, type: 3}
      propertyPath: m_Layer
      value: 0
      objectReference: {fileID: 0}
    - target: {fileID: 1391284224160874, guid: 3e4cf0221a0e8db41bcb50be99ebe457, type: 3}
      propertyPath: m_Layer
      value: 0
      objectReference: {fileID: 0}
    - target: {fileID: 1398962642455792, guid: 3e4cf0221a0e8db41bcb50be99ebe457, type: 3}
      propertyPath: m_Layer
      value: 0
      objectReference: {fileID: 0}
    - target: {fileID: 1412154159284162, guid: 3e4cf0221a0e8db41bcb50be99ebe457, type: 3}
      propertyPath: m_Layer
      value: 0
      objectReference: {fileID: 0}
    - target: {fileID: 1430489345287348, guid: 3e4cf0221a0e8db41bcb50be99ebe457, type: 3}
      propertyPath: m_Layer
      value: 0
      objectReference: {fileID: 0}
    - target: {fileID: 1461168255255114, guid: 3e4cf0221a0e8db41bcb50be99ebe457, type: 3}
      propertyPath: m_Layer
      value: 0
      objectReference: {fileID: 0}
    - target: {fileID: 1461440785913798, guid: 3e4cf0221a0e8db41bcb50be99ebe457, type: 3}
      propertyPath: m_Layer
      value: 0
      objectReference: {fileID: 0}
    - target: {fileID: 1476991434286794, guid: 3e4cf0221a0e8db41bcb50be99ebe457, type: 3}
      propertyPath: m_Layer
      value: 0
      objectReference: {fileID: 0}
    - target: {fileID: 1478593537256154, guid: 3e4cf0221a0e8db41bcb50be99ebe457, type: 3}
      propertyPath: m_Layer
      value: 0
      objectReference: {fileID: 0}
    - target: {fileID: 1479259742585066, guid: 3e4cf0221a0e8db41bcb50be99ebe457, type: 3}
      propertyPath: m_Layer
      value: 0
      objectReference: {fileID: 0}
    - target: {fileID: 1479259742585066, guid: 3e4cf0221a0e8db41bcb50be99ebe457, type: 3}
      propertyPath: m_IsActive
      value: 1
      objectReference: {fileID: 0}
    - target: {fileID: 1496505037317604, guid: 3e4cf0221a0e8db41bcb50be99ebe457, type: 3}
      propertyPath: m_Layer
      value: 0
      objectReference: {fileID: 0}
    - target: {fileID: 1500485509537746, guid: 3e4cf0221a0e8db41bcb50be99ebe457, type: 3}
      propertyPath: m_Layer
      value: 0
      objectReference: {fileID: 0}
    - target: {fileID: 1508511024367818, guid: 3e4cf0221a0e8db41bcb50be99ebe457, type: 3}
      propertyPath: m_Layer
      value: 0
      objectReference: {fileID: 0}
    - target: {fileID: 1533286612551718, guid: 3e4cf0221a0e8db41bcb50be99ebe457, type: 3}
      propertyPath: m_Layer
      value: 0
      objectReference: {fileID: 0}
    - target: {fileID: 1552424577606902, guid: 3e4cf0221a0e8db41bcb50be99ebe457, type: 3}
      propertyPath: m_Layer
      value: 0
      objectReference: {fileID: 0}
    - target: {fileID: 1557401730243710, guid: 3e4cf0221a0e8db41bcb50be99ebe457, type: 3}
      propertyPath: m_Layer
      value: 0
      objectReference: {fileID: 0}
    - target: {fileID: 1571729832099292, guid: 3e4cf0221a0e8db41bcb50be99ebe457, type: 3}
      propertyPath: m_Layer
      value: 0
      objectReference: {fileID: 0}
    - target: {fileID: 1589136311890690, guid: 3e4cf0221a0e8db41bcb50be99ebe457, type: 3}
      propertyPath: m_Layer
      value: 0
      objectReference: {fileID: 0}
    - target: {fileID: 1600459947376530, guid: 3e4cf0221a0e8db41bcb50be99ebe457, type: 3}
      propertyPath: m_Layer
      value: 0
      objectReference: {fileID: 0}
    - target: {fileID: 1623817811568398, guid: 3e4cf0221a0e8db41bcb50be99ebe457, type: 3}
      propertyPath: m_Name
      value: Chr_Skeleton_03
      objectReference: {fileID: 0}
    - target: {fileID: 1623817811568398, guid: 3e4cf0221a0e8db41bcb50be99ebe457, type: 3}
      propertyPath: m_Layer
      value: 0
      objectReference: {fileID: 0}
    - target: {fileID: 1652200037777958, guid: 3e4cf0221a0e8db41bcb50be99ebe457, type: 3}
      propertyPath: m_Layer
      value: 0
      objectReference: {fileID: 0}
    - target: {fileID: 1702485180537678, guid: 3e4cf0221a0e8db41bcb50be99ebe457, type: 3}
      propertyPath: m_Layer
      value: 0
      objectReference: {fileID: 0}
    - target: {fileID: 1703649250480010, guid: 3e4cf0221a0e8db41bcb50be99ebe457, type: 3}
      propertyPath: m_Layer
      value: 0
      objectReference: {fileID: 0}
    - target: {fileID: 1718109342553912, guid: 3e4cf0221a0e8db41bcb50be99ebe457, type: 3}
      propertyPath: m_Layer
      value: 0
      objectReference: {fileID: 0}
    - target: {fileID: 1718319038248662, guid: 3e4cf0221a0e8db41bcb50be99ebe457, type: 3}
      propertyPath: m_Layer
      value: 0
      objectReference: {fileID: 0}
    - target: {fileID: 1744751080481146, guid: 3e4cf0221a0e8db41bcb50be99ebe457, type: 3}
      propertyPath: m_Layer
      value: 0
      objectReference: {fileID: 0}
    - target: {fileID: 1758984745212438, guid: 3e4cf0221a0e8db41bcb50be99ebe457, type: 3}
      propertyPath: m_Layer
      value: 0
      objectReference: {fileID: 0}
    - target: {fileID: 1759084929178868, guid: 3e4cf0221a0e8db41bcb50be99ebe457, type: 3}
      propertyPath: m_Layer
      value: 0
      objectReference: {fileID: 0}
    - target: {fileID: 1791648717796074, guid: 3e4cf0221a0e8db41bcb50be99ebe457, type: 3}
      propertyPath: m_Layer
      value: 0
      objectReference: {fileID: 0}
    - target: {fileID: 1838857191788874, guid: 3e4cf0221a0e8db41bcb50be99ebe457, type: 3}
      propertyPath: m_Layer
      value: 0
      objectReference: {fileID: 0}
    - target: {fileID: 1849811983903308, guid: 3e4cf0221a0e8db41bcb50be99ebe457, type: 3}
      propertyPath: m_Layer
      value: 0
      objectReference: {fileID: 0}
    - target: {fileID: 1853597121178898, guid: 3e4cf0221a0e8db41bcb50be99ebe457, type: 3}
      propertyPath: m_Layer
      value: 0
      objectReference: {fileID: 0}
    - target: {fileID: 1855160117666106, guid: 3e4cf0221a0e8db41bcb50be99ebe457, type: 3}
      propertyPath: m_Layer
      value: 0
      objectReference: {fileID: 0}
    - target: {fileID: 1877127437328030, guid: 3e4cf0221a0e8db41bcb50be99ebe457, type: 3}
      propertyPath: m_Layer
      value: 0
      objectReference: {fileID: 0}
    - target: {fileID: 1905422085686034, guid: 3e4cf0221a0e8db41bcb50be99ebe457, type: 3}
      propertyPath: m_Layer
      value: 0
      objectReference: {fileID: 0}
    - target: {fileID: 1928781093440242, guid: 3e4cf0221a0e8db41bcb50be99ebe457, type: 3}
      propertyPath: m_Layer
      value: 0
      objectReference: {fileID: 0}
    - target: {fileID: 1931367148435976, guid: 3e4cf0221a0e8db41bcb50be99ebe457, type: 3}
      propertyPath: m_Layer
      value: 0
      objectReference: {fileID: 0}
    - target: {fileID: 1949877739747804, guid: 3e4cf0221a0e8db41bcb50be99ebe457, type: 3}
      propertyPath: m_Layer
      value: 0
      objectReference: {fileID: 0}
    - target: {fileID: 1956823641575532, guid: 3e4cf0221a0e8db41bcb50be99ebe457, type: 3}
      propertyPath: m_Layer
      value: 0
      objectReference: {fileID: 0}
    - target: {fileID: 1976035862682490, guid: 3e4cf0221a0e8db41bcb50be99ebe457, type: 3}
      propertyPath: m_Layer
      value: 0
      objectReference: {fileID: 0}
    - target: {fileID: 1989832900530322, guid: 3e4cf0221a0e8db41bcb50be99ebe457, type: 3}
      propertyPath: m_Layer
      value: 0
      objectReference: {fileID: 0}
    - target: {fileID: 1999312494065050, guid: 3e4cf0221a0e8db41bcb50be99ebe457, type: 3}
      propertyPath: m_Layer
      value: 0
      objectReference: {fileID: 0}
    - target: {fileID: 4079643208890776, guid: 3e4cf0221a0e8db41bcb50be99ebe457, type: 3}
      propertyPath: m_LocalPosition.x
      value: -0.3394736
      objectReference: {fileID: 0}
    - target: {fileID: 4079643208890776, guid: 3e4cf0221a0e8db41bcb50be99ebe457, type: 3}
      propertyPath: m_LocalPosition.y
      value: -0.0014486993
      objectReference: {fileID: 0}
    - target: {fileID: 4079643208890776, guid: 3e4cf0221a0e8db41bcb50be99ebe457, type: 3}
      propertyPath: m_LocalPosition.z
      value: -0.0014362335
      objectReference: {fileID: 0}
    - target: {fileID: 4079643208890776, guid: 3e4cf0221a0e8db41bcb50be99ebe457, type: 3}
      propertyPath: m_LocalRotation.w
      value: 0.98378235
      objectReference: {fileID: 0}
    - target: {fileID: 4079643208890776, guid: 3e4cf0221a0e8db41bcb50be99ebe457, type: 3}
      propertyPath: m_LocalRotation.x
      value: 0.007212622
      objectReference: {fileID: 0}
    - target: {fileID: 4079643208890776, guid: 3e4cf0221a0e8db41bcb50be99ebe457, type: 3}
      propertyPath: m_LocalRotation.y
      value: 0.17455006
      objectReference: {fileID: 0}
    - target: {fileID: 4079643208890776, guid: 3e4cf0221a0e8db41bcb50be99ebe457, type: 3}
      propertyPath: m_LocalRotation.z
      value: -0.04065126
      objectReference: {fileID: 0}
    - target: {fileID: 4079643208890776, guid: 3e4cf0221a0e8db41bcb50be99ebe457, type: 3}
      propertyPath: m_LocalEulerAnglesHint.x
      value: 1.626
      objectReference: {fileID: 0}
    - target: {fileID: 4079643208890776, guid: 3e4cf0221a0e8db41bcb50be99ebe457, type: 3}
      propertyPath: m_LocalEulerAnglesHint.y
      value: 20.059
      objectReference: {fileID: 0}
    - target: {fileID: 4079643208890776, guid: 3e4cf0221a0e8db41bcb50be99ebe457, type: 3}
      propertyPath: m_LocalEulerAnglesHint.z
      value: -4.445
      objectReference: {fileID: 0}
    - target: {fileID: 4122732065051972, guid: 3e4cf0221a0e8db41bcb50be99ebe457, type: 3}
      propertyPath: m_LocalPosition.x
      value: 0.27114537
      objectReference: {fileID: 0}
    - target: {fileID: 4122732065051972, guid: 3e4cf0221a0e8db41bcb50be99ebe457, type: 3}
      propertyPath: m_LocalPosition.y
      value: -0.00000019858999
      objectReference: {fileID: 0}
    - target: {fileID: 4122732065051972, guid: 3e4cf0221a0e8db41bcb50be99ebe457, type: 3}
      propertyPath: m_LocalPosition.z
      value: 0.00038160384
      objectReference: {fileID: 0}
    - target: {fileID: 4122732065051972, guid: 3e4cf0221a0e8db41bcb50be99ebe457, type: 3}
      propertyPath: m_LocalRotation.w
      value: 0.93709457
      objectReference: {fileID: 0}
    - target: {fileID: 4122732065051972, guid: 3e4cf0221a0e8db41bcb50be99ebe457, type: 3}
      propertyPath: m_LocalRotation.x
      value: 0.34723184
      objectReference: {fileID: 0}
    - target: {fileID: 4122732065051972, guid: 3e4cf0221a0e8db41bcb50be99ebe457, type: 3}
      propertyPath: m_LocalRotation.y
      value: -0.033598382
      objectReference: {fileID: 0}
    - target: {fileID: 4122732065051972, guid: 3e4cf0221a0e8db41bcb50be99ebe457, type: 3}
      propertyPath: m_LocalRotation.z
      value: 0.012449717
      objectReference: {fileID: 0}
    - target: {fileID: 4122732065051972, guid: 3e4cf0221a0e8db41bcb50be99ebe457, type: 3}
      propertyPath: m_LocalEulerAnglesHint.x
      value: 40.663
      objectReference: {fileID: 0}
    - target: {fileID: 4122732065051972, guid: 3e4cf0221a0e8db41bcb50be99ebe457, type: 3}
      propertyPath: m_LocalEulerAnglesHint.y
      value: -4.107
      objectReference: {fileID: 0}
    - target: {fileID: 4170208051685666, guid: 3e4cf0221a0e8db41bcb50be99ebe457, type: 3}
      propertyPath: m_LocalPosition.x
      value: -0.2711447
      objectReference: {fileID: 0}
    - target: {fileID: 4170208051685666, guid: 3e4cf0221a0e8db41bcb50be99ebe457, type: 3}
      propertyPath: m_LocalPosition.y
      value: 0.00000020206062
      objectReference: {fileID: 0}
    - target: {fileID: 4170208051685666, guid: 3e4cf0221a0e8db41bcb50be99ebe457, type: 3}
      propertyPath: m_LocalPosition.z
      value: -0.00038142502
      objectReference: {fileID: 0}
    - target: {fileID: 4170208051685666, guid: 3e4cf0221a0e8db41bcb50be99ebe457, type: 3}
      propertyPath: m_LocalRotation.w
      value: 0.95217603
      objectReference: {fileID: 0}
    - target: {fileID: 4170208051685666, guid: 3e4cf0221a0e8db41bcb50be99ebe457, type: 3}
      propertyPath: m_LocalRotation.x
      value: -0.30344185
      objectReference: {fileID: 0}
    - target: {fileID: 4170208051685666, guid: 3e4cf0221a0e8db41bcb50be99ebe457, type: 3}
      propertyPath: m_LocalRotation.y
      value: -0.034139115
      objectReference: {fileID: 0}
    - target: {fileID: 4170208051685666, guid: 3e4cf0221a0e8db41bcb50be99ebe457, type: 3}
      propertyPath: m_LocalRotation.z
      value: -0.010879589
      objectReference: {fileID: 0}
    - target: {fileID: 4170208051685666, guid: 3e4cf0221a0e8db41bcb50be99ebe457, type: 3}
      propertyPath: m_LocalEulerAnglesHint.x
      value: -35.352
      objectReference: {fileID: 0}
    - target: {fileID: 4170208051685666, guid: 3e4cf0221a0e8db41bcb50be99ebe457, type: 3}
      propertyPath: m_LocalEulerAnglesHint.y
      value: -4.107
      objectReference: {fileID: 0}
    - target: {fileID: 4187276041858482, guid: 3e4cf0221a0e8db41bcb50be99ebe457, type: 3}
      propertyPath: m_LocalPosition.x
      value: 0.3394747
      objectReference: {fileID: 0}
    - target: {fileID: 4187276041858482, guid: 3e4cf0221a0e8db41bcb50be99ebe457, type: 3}
      propertyPath: m_LocalPosition.y
      value: 0.0014475882
      objectReference: {fileID: 0}
    - target: {fileID: 4187276041858482, guid: 3e4cf0221a0e8db41bcb50be99ebe457, type: 3}
      propertyPath: m_LocalPosition.z
      value: 0.0014363527
      objectReference: {fileID: 0}
    - target: {fileID: 4187276041858482, guid: 3e4cf0221a0e8db41bcb50be99ebe457, type: 3}
      propertyPath: m_LocalRotation.w
      value: 0.9991082
      objectReference: {fileID: 0}
    - target: {fileID: 4187276041858482, guid: 3e4cf0221a0e8db41bcb50be99ebe457, type: 3}
      propertyPath: m_LocalRotation.x
      value: 0.0029199717
      objectReference: {fileID: 0}
    - target: {fileID: 4187276041858482, guid: 3e4cf0221a0e8db41bcb50be99ebe457, type: 3}
      propertyPath: m_LocalRotation.y
      value: 0.040679853
      objectReference: {fileID: 0}
    - target: {fileID: 4187276041858482, guid: 3e4cf0221a0e8db41bcb50be99ebe457, type: 3}
      propertyPath: m_LocalRotation.z
      value: -0.0109335175
      objectReference: {fileID: 0}
    - target: {fileID: 4187276041858482, guid: 3e4cf0221a0e8db41bcb50be99ebe457, type: 3}
      propertyPath: m_LocalEulerAnglesHint.x
      value: 0.385
      objectReference: {fileID: 0}
    - target: {fileID: 4187276041858482, guid: 3e4cf0221a0e8db41bcb50be99ebe457, type: 3}
      propertyPath: m_LocalEulerAnglesHint.y
      value: 4.659
      objectReference: {fileID: 0}
    - target: {fileID: 4187276041858482, guid: 3e4cf0221a0e8db41bcb50be99ebe457, type: 3}
      propertyPath: m_LocalEulerAnglesHint.z
      value: -1.238
      objectReference: {fileID: 0}
    - target: {fileID: 4264608724685240, guid: 3e4cf0221a0e8db41bcb50be99ebe457, type: 3}
      propertyPath: m_LocalPosition.x
      value: -0.13197854
      objectReference: {fileID: 0}
    - target: {fileID: 4264608724685240, guid: 3e4cf0221a0e8db41bcb50be99ebe457, type: 3}
      propertyPath: m_LocalPosition.y
      value: -0.00000011920929
      objectReference: {fileID: 0}
    - target: {fileID: 4264608724685240, guid: 3e4cf0221a0e8db41bcb50be99ebe457, type: 3}
      propertyPath: m_LocalPosition.z
      value: 0.00000021606684
      objectReference: {fileID: 0}
    - target: {fileID: 4264608724685240, guid: 3e4cf0221a0e8db41bcb50be99ebe457, type: 3}
      propertyPath: m_LocalRotation.w
      value: 0.5920187
      objectReference: {fileID: 0}
    - target: {fileID: 4264608724685240, guid: 3e4cf0221a0e8db41bcb50be99ebe457, type: 3}
      propertyPath: m_LocalRotation.x
      value: -0.013030915
      objectReference: {fileID: 0}
    - target: {fileID: 4264608724685240, guid: 3e4cf0221a0e8db41bcb50be99ebe457, type: 3}
      propertyPath: m_LocalRotation.y
      value: 0.80513513
      objectReference: {fileID: 0}
    - target: {fileID: 4264608724685240, guid: 3e4cf0221a0e8db41bcb50be99ebe457, type: 3}
      propertyPath: m_LocalRotation.z
      value: 0.033187404
      objectReference: {fileID: 0}
    - target: {fileID: 4264608724685240, guid: 3e4cf0221a0e8db41bcb50be99ebe457, type: 3}
      propertyPath: m_LocalEulerAnglesHint.x
      value: -3.949
      objectReference: {fileID: 0}
    - target: {fileID: 4264608724685240, guid: 3e4cf0221a0e8db41bcb50be99ebe457, type: 3}
      propertyPath: m_LocalEulerAnglesHint.y
      value: 107.309
      objectReference: {fileID: 0}
    - target: {fileID: 4264608724685240, guid: 3e4cf0221a0e8db41bcb50be99ebe457, type: 3}
      propertyPath: m_LocalEulerAnglesHint.z
      value: 1.052
      objectReference: {fileID: 0}
    - target: {fileID: 4742352103500454, guid: 3e4cf0221a0e8db41bcb50be99ebe457, type: 3}
      propertyPath: m_LocalPosition.x
      value: 0.13197863
      objectReference: {fileID: 0}
    - target: {fileID: 4742352103500454, guid: 3e4cf0221a0e8db41bcb50be99ebe457, type: 3}
      propertyPath: m_LocalPosition.y
      value: 0.000006467104
      objectReference: {fileID: 0}
    - target: {fileID: 4742352103500454, guid: 3e4cf0221a0e8db41bcb50be99ebe457, type: 3}
      propertyPath: m_LocalPosition.z
      value: -0.00000025331974
      objectReference: {fileID: 0}
    - target: {fileID: 4742352103500454, guid: 3e4cf0221a0e8db41bcb50be99ebe457, type: 3}
      propertyPath: m_LocalRotation.w
      value: 0.3848867
      objectReference: {fileID: 0}
    - target: {fileID: 4742352103500454, guid: 3e4cf0221a0e8db41bcb50be99ebe457, type: 3}
      propertyPath: m_LocalRotation.x
      value: -0.35449055
      objectReference: {fileID: 0}
    - target: {fileID: 4742352103500454, guid: 3e4cf0221a0e8db41bcb50be99ebe457, type: 3}
      propertyPath: m_LocalRotation.y
      value: 0.58130217
      objectReference: {fileID: 0}
    - target: {fileID: 4742352103500454, guid: 3e4cf0221a0e8db41bcb50be99ebe457, type: 3}
      propertyPath: m_LocalRotation.z
      value: 0.62312645
      objectReference: {fileID: 0}
    - target: {fileID: 4742352103500454, guid: 3e4cf0221a0e8db41bcb50be99ebe457, type: 3}
      propertyPath: m_LocalEulerAnglesHint.x
      value: -85.81
      objectReference: {fileID: 0}
    - target: {fileID: 4742352103500454, guid: 3e4cf0221a0e8db41bcb50be99ebe457, type: 3}
      propertyPath: m_LocalEulerAnglesHint.y
      value: 4.463
      objectReference: {fileID: 0}
    - target: {fileID: 4742352103500454, guid: 3e4cf0221a0e8db41bcb50be99ebe457, type: 3}
      propertyPath: m_LocalEulerAnglesHint.z
      value: 112.447
      objectReference: {fileID: 0}
    - target: {fileID: 4808938581718642, guid: 3e4cf0221a0e8db41bcb50be99ebe457, type: 3}
      propertyPath: m_RootOrder
      value: 0
      objectReference: {fileID: 0}
    - target: {fileID: 4808938581718642, guid: 3e4cf0221a0e8db41bcb50be99ebe457, type: 3}
      propertyPath: m_LocalPosition.x
      value: 0
      objectReference: {fileID: 0}
    - target: {fileID: 4808938581718642, guid: 3e4cf0221a0e8db41bcb50be99ebe457, type: 3}
      propertyPath: m_LocalPosition.y
      value: 0
      objectReference: {fileID: 0}
    - target: {fileID: 4808938581718642, guid: 3e4cf0221a0e8db41bcb50be99ebe457, type: 3}
      propertyPath: m_LocalPosition.z
      value: 0
      objectReference: {fileID: 0}
    - target: {fileID: 4808938581718642, guid: 3e4cf0221a0e8db41bcb50be99ebe457, type: 3}
      propertyPath: m_LocalRotation.w
      value: 1
      objectReference: {fileID: 0}
    - target: {fileID: 4808938581718642, guid: 3e4cf0221a0e8db41bcb50be99ebe457, type: 3}
      propertyPath: m_LocalRotation.x
      value: 0
      objectReference: {fileID: 0}
    - target: {fileID: 4808938581718642, guid: 3e4cf0221a0e8db41bcb50be99ebe457, type: 3}
      propertyPath: m_LocalRotation.y
      value: 0
      objectReference: {fileID: 0}
    - target: {fileID: 4808938581718642, guid: 3e4cf0221a0e8db41bcb50be99ebe457, type: 3}
      propertyPath: m_LocalRotation.z
      value: 0
      objectReference: {fileID: 0}
    - target: {fileID: 4808938581718642, guid: 3e4cf0221a0e8db41bcb50be99ebe457, type: 3}
      propertyPath: m_LocalEulerAnglesHint.x
      value: 0
      objectReference: {fileID: 0}
    - target: {fileID: 4808938581718642, guid: 3e4cf0221a0e8db41bcb50be99ebe457, type: 3}
      propertyPath: m_LocalEulerAnglesHint.y
      value: 0
      objectReference: {fileID: 0}
    - target: {fileID: 4808938581718642, guid: 3e4cf0221a0e8db41bcb50be99ebe457, type: 3}
      propertyPath: m_LocalEulerAnglesHint.z
      value: 0
      objectReference: {fileID: 0}
    - target: {fileID: 95354957913302332, guid: 3e4cf0221a0e8db41bcb50be99ebe457, type: 3}
      propertyPath: m_Controller
      value: 
      objectReference: {fileID: 0}
    m_RemovedComponents: []
  m_SourcePrefab: {fileID: 100100000, guid: 3e4cf0221a0e8db41bcb50be99ebe457, type: 3}
--- !u!4 &6814474283381743425 stripped
Transform:
  m_CorrespondingSourceObject: {fileID: 4808938581718642, guid: 3e4cf0221a0e8db41bcb50be99ebe457, type: 3}
  m_PrefabInstance: {fileID: 6809713072755190067}
  m_PrefabAsset: {fileID: 0}
