%YAML 1.1
%TAG !u! tag:unity3d.com,2011:
--- !u!1 &8447880839661695134
GameObject:
  m_ObjectHideFlags: 0
  m_CorrespondingSourceObject: {fileID: 0}
  m_PrefabInstance: {fileID: 0}
  m_PrefabAsset: {fileID: 0}
  serializedVersion: 6
  m_Component:
  - component: {fileID: 8447880839661695107}
  - component: {fileID: 8447880839661695104}
  - component: {fileID: 120350413}
  - component: {fileID: 120350415}
  m_Layer: 0
  m_Name: TestHero
  m_TagString: Untagged
  m_Icon: {fileID: 0}
  m_NavMeshLayer: 0
  m_StaticEditorFlags: 0
  m_IsActive: 1
--- !u!4 &8447880839661695107
Transform:
  m_ObjectHideFlags: 0
  m_CorrespondingSourceObject: {fileID: 0}
  m_PrefabInstance: {fileID: 0}
  m_PrefabAsset: {fileID: 0}
  m_GameObject: {fileID: 8447880839661695134}
  m_LocalRotation: {x: 0, y: 0, z: 0, w: 1}
  m_LocalPosition: {x: 0, y: 0, z: 0}
  m_LocalScale: {x: 1, y: 1, z: 1}
  m_Children:
  - {fileID: 8443580613851390418}
  m_Father: {fileID: 0}
  m_RootOrder: 0
  m_LocalEulerAnglesHint: {x: 0, y: 0, z: 0}
--- !u!195 &8447880839661695104
NavMeshAgent:
  m_ObjectHideFlags: 0
  m_CorrespondingSourceObject: {fileID: 0}
  m_PrefabInstance: {fileID: 0}
  m_PrefabAsset: {fileID: 0}
  m_GameObject: {fileID: 8447880839661695134}
  m_Enabled: 1
  m_AgentTypeID: 0
  m_Radius: 0.5
  m_Speed: 6
  m_Acceleration: 50
  avoidancePriority: 50
  m_AngularSpeed: 1000
  m_StoppingDistance: 0
  m_AutoTraverseOffMeshLink: 1
  m_AutoBraking: 1
  m_AutoRepath: 1
  m_Height: 2
  m_BaseOffset: 0
  m_WalkableMask: 1
  m_ObstacleAvoidanceType: 4
--- !u!114 &120350413
MonoBehaviour:
  m_ObjectHideFlags: 0
  m_CorrespondingSourceObject: {fileID: 0}
  m_PrefabInstance: {fileID: 0}
  m_PrefabAsset: {fileID: 0}
  m_GameObject: {fileID: 8447880839661695134}
  m_Enabled: 1
  m_EditorHideFlags: 0
  m_Script: {fileID: 11500000, guid: 8c4fa08842fabbfdbbb1bef897c09729, type: 3}
  m_Name: 
  m_EditorClassIdentifier: 
  mTarget: {fileID: 0}
  mHealthPoint: 100
  mMovementSpeed: 1
  mDamage: 1
  mLevel: 1
  mGameCamera: {fileID: 0}
  mManaPoint: 100
  mStrength: 10
  mAgility: 10
  mIntelligence: 10
  mStamina: 10
--- !u!54 &120350415
Rigidbody:
  m_ObjectHideFlags: 0
  m_CorrespondingSourceObject: {fileID: 0}
  m_PrefabInstance: {fileID: 0}
  m_PrefabAsset: {fileID: 0}
  m_GameObject: {fileID: 8447880839661695134}
  serializedVersion: 2
  m_Mass: 1
  m_Drag: 0
  m_AngularDrag: 0.05
  m_UseGravity: 0
  m_IsKinematic: 0
  m_Interpolate: 0
  m_Constraints: 0
  m_CollisionDetection: 0
--- !u!1001 &8447880838114920310
PrefabInstance:
  m_ObjectHideFlags: 0
  serializedVersion: 2
  m_Modification:
    m_TransformParent: {fileID: 8447880839661695107}
    m_Modifications:
    - target: {fileID: 1246891314395918, guid: cb4ff29f6f657bc4d94ed49c50a70be2, type: 3}
      propertyPath: m_Name
      value: Chr_Undead_Knight_01
      objectReference: {fileID: 0}
    - target: {fileID: 4918150346303140, guid: cb4ff29f6f657bc4d94ed49c50a70be2, type: 3}
      propertyPath: m_RootOrder
      value: 0
      objectReference: {fileID: 0}
    - target: {fileID: 4918150346303140, guid: cb4ff29f6f657bc4d94ed49c50a70be2, type: 3}
      propertyPath: m_LocalScale.x
      value: 1
      objectReference: {fileID: 0}
    - target: {fileID: 4918150346303140, guid: cb4ff29f6f657bc4d94ed49c50a70be2, type: 3}
      propertyPath: m_LocalScale.y
      value: 1
      objectReference: {fileID: 0}
    - target: {fileID: 4918150346303140, guid: cb4ff29f6f657bc4d94ed49c50a70be2, type: 3}
      propertyPath: m_LocalScale.z
      value: 1
      objectReference: {fileID: 0}
    - target: {fileID: 4918150346303140, guid: cb4ff29f6f657bc4d94ed49c50a70be2, type: 3}
      propertyPath: m_LocalPosition.x
      value: 0
      objectReference: {fileID: 0}
    - target: {fileID: 4918150346303140, guid: cb4ff29f6f657bc4d94ed49c50a70be2, type: 3}
      propertyPath: m_LocalPosition.y
      value: 0
      objectReference: {fileID: 0}
    - target: {fileID: 4918150346303140, guid: cb4ff29f6f657bc4d94ed49c50a70be2, type: 3}
      propertyPath: m_LocalPosition.z
      value: 0
      objectReference: {fileID: 0}
    - target: {fileID: 4918150346303140, guid: cb4ff29f6f657bc4d94ed49c50a70be2, type: 3}
      propertyPath: m_LocalRotation.w
      value: 1
      objectReference: {fileID: 0}
    - target: {fileID: 4918150346303140, guid: cb4ff29f6f657bc4d94ed49c50a70be2, type: 3}
      propertyPath: m_LocalRotation.x
      value: 0
      objectReference: {fileID: 0}
    - target: {fileID: 4918150346303140, guid: cb4ff29f6f657bc4d94ed49c50a70be2, type: 3}
      propertyPath: m_LocalRotation.y
      value: 0
      objectReference: {fileID: 0}
    - target: {fileID: 4918150346303140, guid: cb4ff29f6f657bc4d94ed49c50a70be2, type: 3}
      propertyPath: m_LocalRotation.z
      value: 0
      objectReference: {fileID: 0}
    - target: {fileID: 4918150346303140, guid: cb4ff29f6f657bc4d94ed49c50a70be2, type: 3}
      propertyPath: m_LocalEulerAnglesHint.x
      value: 0
      objectReference: {fileID: 0}
    - target: {fileID: 4918150346303140, guid: cb4ff29f6f657bc4d94ed49c50a70be2, type: 3}
      propertyPath: m_LocalEulerAnglesHint.y
      value: 0
      objectReference: {fileID: 0}
    - target: {fileID: 4918150346303140, guid: cb4ff29f6f657bc4d94ed49c50a70be2, type: 3}
      propertyPath: m_LocalEulerAnglesHint.z
      value: 0
      objectReference: {fileID: 0}
    - target: {fileID: 95458022740784092, guid: cb4ff29f6f657bc4d94ed49c50a70be2, type: 3}
      propertyPath: m_Controller
      value: 
      objectReference: {fileID: 0}
    - target: {fileID: 95458022740784092, guid: cb4ff29f6f657bc4d94ed49c50a70be2, type: 3}
      propertyPath: m_UpdateMode
      value: 0
      objectReference: {fileID: 0}
    m_RemovedComponents: []
  m_SourcePrefab: {fileID: 100100000, guid: cb4ff29f6f657bc4d94ed49c50a70be2, type: 3}
--- !u!4 &8443580613851390418 stripped
Transform:
  m_CorrespondingSourceObject: {fileID: 4918150346303140, guid: cb4ff29f6f657bc4d94ed49c50a70be2, type: 3}
  m_PrefabInstance: {fileID: 8447880838114920310}
  m_PrefabAsset: {fileID: 0}
